<collection xmlns="http://www.loc.gov/MARC21/slim">
<record>
  <leader>02394nam0a22003851i 450 </leader>
  <controlfield tag="001">IT\ICCU\CNCE\047774</controlfield>
  <controlfield tag="005">20111014000000.0</controlfield>
  <datafield tag="012" ind1=" " ind2=" ">
    <subfield code="a">u-am 33.8 o-ma raal (3) 1539 (R)</subfield>
    <subfield code="2">fei</subfield>
  </datafield>
  <datafield tag="100" ind1=" " ind2=" ">
    <subfield code="a">19990303d1539        0itac0103    ba</subfield>
  </datafield>
  <datafield tag="101" ind1=" " ind2=" ">
    <subfield code="a">LAT</subfield>
  </datafield>
  <datafield tag="102" ind1=" " ind2=" ">
    <subfield code="a">IT</subfield>
  </datafield>
  <datafield tag="200" ind1="1" ind2=" ">
    <subfield code="a">℗Lu. Io. Scop. ℗Grammatice de epistolis componendis, ornandis orationibus, Calendis, bisexto intercalaribus, inditione, diebus felicibus &amp; infelicibus cum metrorum arte. Et in calce epitome, praepositiones, aduerbia ... cum indicibus in fronte, &amp; in fine</subfield>
  </datafield>
  <datafield tag="210" ind1=" " ind2=" ">
    <subfield code="a">\Venezia</subfield>
    <subfield code="c">Vittore Ravani e soci!</subfield>
    <subfield code="e">Venetiis</subfield>
    <subfield code="g">apud Victorem a Rabaniis</subfield>
    <subfield code="h">&amp; socios</subfield>
    <subfield code="h">1539 mense Septembri</subfield>
  </datafield>
  <datafield tag="215" ind1=" " ind2=" ">
    <subfield code="a">\48!, 624, \24! p.</subfield>
    <subfield code="d">8ʻ</subfield>
  </datafield>
  <datafield tag="620" ind1=" " ind2=" ">
    <subfield code="a">IT</subfield>
    <subfield code="d">Venezia</subfield>
  </datafield>
  <datafield tag="700" ind1=" " ind2="1">
    <subfield code="a">Scoppa,</subfield>
    <subfield code="b">Lucio Giovanni</subfield>
    <subfield code="3">IT\ICCU\CNCA\003172</subfield>
  </datafield>
  <datafield tag="712" ind1="0" ind2="0">
    <subfield code="a">Ravani, Vittore &amp; C.</subfield>
    <subfield code="3">IT\ICCU\CNCT\002928</subfield>
    <subfield code="4">650</subfield>
  </datafield>
  <datafield tag="790" ind1=" " ind2="1">
    <subfield code="a">Scoppa,</subfield>
    <subfield code="b">Lucius Johannes</subfield>
    <subfield code="3">IT\ICCU\CNCA\015211</subfield>
    <subfield code="z">Scoppa, Lucio Giovanni</subfield>
  </datafield>
  <datafield tag="791" ind1="0" ind2="0">
    <subfield code="a">Rabanis, Victor a &amp; C.</subfield>
    <subfield code="3">IT\ICCU\CNCT\005313</subfield>
    <subfield code="z">Ravani, Vittore &amp; C.</subfield>
  </datafield>
  <datafield tag="791" ind1="0" ind2="0">
    <subfield code="a">Ravano della Serena, Vettor &amp; C.</subfield>
    <subfield code="3">IT\ICCU\CNCT\005314</subfield>
    <subfield code="z">Ravani, Vittore &amp; C.</subfield>
  </datafield>
  <datafield tag="791" ind1="0" ind2="0">
    <subfield code="a">Serena, Vittore della &amp; C.</subfield>
    <subfield code="3">IT\ICCU\CNCT\005315</subfield>
    <subfield code="z">Ravani, Vittore &amp; C.</subfield>
  </datafield>
  <datafield tag="791" ind1="0" ind2="0">
    <subfield code="a">Ravanis, Victor de &amp; C.</subfield>
    <subfield code="3">IT\ICCU\CNCT\005316</subfield>
    <subfield code="z">Ravani, Vittore &amp; C.</subfield>
  </datafield>
  <datafield tag="791" ind1="0" ind2="0">
    <subfield code="a">Ravaniani, Vettor de &amp; C.</subfield>
    <subfield code="3">IT\ICCU\CNCT\005317</subfield>
    <subfield code="z">Ravani, Vittore &amp; C.</subfield>
  </datafield>
  <datafield tag="791" ind1="0" ind2="0">
    <subfield code="a">Rabani, Vettor de &amp; C.</subfield>
    <subfield code="3">IT\ICCU\CNCT\005318</subfield>
    <subfield code="z">Ravani, Vittore &amp; C.</subfield>
  </datafield>
  <datafield tag="801" ind1=" " ind2="3">
    <subfield code="a">IT</subfield>
    <subfield code="b">ICCU</subfield>
    <subfield code="c">20201115</subfield>
  </datafield>
  <datafield tag="899" ind1=" " ind2=" ">
    <subfield code="a">Biblioteca Apostolica Vaticana. Citt ̉del Vaticano</subfield>
    <subfield code="z">MUTILO</subfield>
    <subfield code="1">EX0001</subfield>
    <subfield code="2">ZCV 01</subfield>
  </datafield>
  <datafield tag="899" ind1=" " ind2=" ">
    <subfield code="a">Biblioteca don Giovanni Verit ̉del Comune e dell&apos;Accademia degli Incamminati. Modigliana</subfield>
    <subfield code="1">FC0038</subfield>
    <subfield code="2">RAV MD</subfield>
  </datafield>
  <datafield tag="899" ind1=" " ind2=" ">
    <subfield code="a">Biblioteca comunale Francesco Antolisei. San Severino Marche</subfield>
    <subfield code="1">MC0075</subfield>
    <subfield code="2">UMC FA</subfield>
  </datafield>
  <datafield tag="899" ind1=" " ind2=" ">
    <subfield code="a">Biblioteca comunale. San Miniato</subfield>
    <subfield code="1">PI0171</subfield>
    <subfield code="2">PBI SM</subfield>
  </datafield>
  <datafield tag="899" ind1=" " ind2=" ">
    <subfield code="a">Biblioteca Palatina. Parma</subfield>
    <subfield code="1">PR0072</subfield>
    <subfield code="2">PAR PA</subfield>
  </datafield>
  <datafield tag="899" ind1=" " ind2=" ">
    <subfield code="a">Biblioteca del venerabile Eremo di Fonte Avellana. Serra Sant&apos; Abbondio</subfield>
    <subfield code="1">PU0086</subfield>
    <subfield code="2">URB EA</subfield>
  </datafield>
  <datafield tag="899" ind1=" " ind2=" ">
    <subfield code="a">Biblioteca Civica Giuseppe Cultrera. Leonessa</subfield>
    <subfield code="1">RI0070</subfield>
    <subfield code="2">RL1 S7</subfield>
  </datafield>
  <datafield tag="899" ind1=" " ind2=" ">
    <subfield code="a">Biblioteca nazionale centrale. Roma</subfield>
    <subfield code="1">RM0267</subfield>
    <subfield code="2">BVE CR</subfield>
  </datafield>
  <datafield tag="911" ind1=" " ind2=" ">
    <subfield code="a">Sul front. e nel coloph.</subfield>
    <subfield code="9">IT\ICCU\CNCM\000106</subfield>
  </datafield>
  <datafield tag="921" ind1=" " ind2=" ">
    <subfield code="a">IT\ICCU\CNCM\000106</subfield>
    <subfield code="b">Sirena coronata, bicaudata, che tiene le due code alzate con le mani (la destra in alto, la sinistra in basso).</subfield>
    <subfield code="c">A142</subfield>
    <subfield code="c">Z1099</subfield>
    <subfield code="d">Dimensioni: 5,5 x 6</subfield>
    <subfield code="f">CODA</subfield>
    <subfield code="f">SIRENA</subfield>
    <subfield code="g">1538-1586</subfield>
  </datafield>
</record>
</collection>
